@book{handbookOfMetaheuristics, 
place={New York}, 
title={Handbook of metaheuristics}, 
publisher={Springer}, 
author={Gendreau, Michel and Potvin, Jean-Yves}, 
year={2010}
}

@misc{beginnersIntroduction,
author = {R. Lourenço, Helena and Martin, Olivier and Stützle, Thomas},
year = {2001},
month = {06},
title = {A beginner's introduction to Iterated Local Search},
howpublished={Available at \url{https://www.researchgate.net/profile/Helena_Lourenco/publication/228085587_A_beginner's_introduction_to_Iterated_Local_Search/links/00b7d51a3bacd452c9000000.pdf}}
}

@inbook{designOfIteratedLocalSearchAlgorithms,
title = {Design of Iterated Local Search Algorithms},
chapter = {An Example Application to the Single Machine Total Weighted Tardiness Problem},
author = {den Besten,  Matthijs and Stützle, Thomas and Dorigo, Marco},
pages = {441-450},
year = {2001},
}

@article{applyingIteratedLocalSearchtothePermutation,
title = {Applying Iterated Local Search to the Permutation},
author = {Thomas Stützle},
year = {2000}
}

@book{jobShopScheduling, 
title={Job-shop scheduling: Computational study of local search and large-step optimization methods}, 
author={Helena R. Lourenço}, 
year={1995}
}

@book{aComprehensiveReviewAndEvaluationOfPermutationFlowshopHeuristics, 
title={A Comprehensive Review and Evaluation of Permutation Flowshop Heuristics}, 
author={Ruiz, Ruben and Concepcion, Maroto}, 
year={2004},
month = {01},
day = {06}
}


@misc{online,
    author = {Aleksandar D. Đenić},
    title = {Rešavanje diskretnih lokacijskih problema primenom metode promenljivih okolina},
    howpublished = {Available at \url{http://147.91.66.17/bitstream/handle/123456789/4744/Aleksandar_Djenic_phd.pdf?sequence=1}},
    note = {Accessed: 20. 03. 2020.}
}
